<?xml version="1.0" encoding="UTF-8"?><record xmlns="http://www.loc.gov/MARC21/slim" xmlns:cinclude="http://apache.org/cocoon/include/1.0" xmlns:zs="http://www.loc.gov/zing/srw/">
  <leader>00891cz  a2200217n  4500</leader>
  <controlfield tag="001">no 96023667 </controlfield>
  <controlfield tag="003">DLC</controlfield>
  <controlfield tag="005">20130314094151.0</controlfield>
  <controlfield tag="008">960507n| azannaabn          |a aaa     c</controlfield>
  <datafield tag="010" ind1=" " ind2=" ">
    <subfield code="a">no 96023667 </subfield>
  </datafield>
  <datafield tag="035" ind1=" " ind2=" ">
    <subfield code="a">(OCoLC)oca04072937</subfield>
  </datafield>
  <datafield tag="040" ind1=" " ind2=" ">
    <subfield code="a">DCU-IA</subfield>
    <subfield code="b">eng</subfield>
    <subfield code="e">rda</subfield>
    <subfield code="c">DCU-IA</subfield>
    <subfield code="d">DLC</subfield>
  </datafield>
  <datafield tag="046" ind1=" " ind2=" ">
    <subfield code="f">1888</subfield>
  </datafield>
  <datafield tag="100" ind1="1" ind2=" ">
    <subfield code="a">Moreira, Rangel,</subfield>
    <subfield code="d">1888-</subfield>
  </datafield>
  <datafield tag="400" ind1="1" ind2=" ">
    <subfield code="a">Moreira, Jero휍혖nimo Silvano Rangel,</subfield>
    <subfield code="d">1888-</subfield>
  </datafield>
  <datafield tag="400" ind1="1" ind2=" ">
    <subfield code="w">nnea</subfield>
    <subfield code="a">Moreira, Rangel,</subfield>
    <subfield code="d">b. 1888</subfield>
  </datafield>
  <datafield tag="400" ind1="1" ind2=" ">
    <subfield code="a">Rangel Moreira,</subfield>
    <subfield code="d">1888-</subfield>
  </datafield>
  <datafield tag="400" ind1="1" ind2=" ">
    <subfield code="a">Rangel Moreira, Jeronymo,</subfield>
    <subfield code="d">1888-</subfield>
  </datafield>
  <datafield tag="670" ind1=" " ind2=" ">
    <subfield code="a">His Amigos e mestres, 1915:</subfield>
    <subfield code="b">t.p. (Rangel Moreira) p. 197 (b. in Pernambuco, Brazil, September 18, 1888)</subfield>
  </datafield>
  <datafield tag="670" ind1=" " ind2=" ">
    <subfield code="a">Encic. de lit. bras., 1990</subfield>
    <subfield code="b">v. 2, p. 939 (Moreira, Rangel (Jero휍혖nimo Silvano R. M.), b. Sept. 26, 1888 &amp; d. 1936 in Pernambuco)</subfield>
  </datafield>
  <datafield tag="670" ind1=" " ind2=" ">
    <subfield code="a">OCLC, Feb. 6, 2002</subfield>
    <subfield code="b">(hdgs.: Moreira, Rangel; Rangel Moreira, Jeronymo; usage: Rangel Moreira)</subfield>
  </datafield>
</record>